@ARTICLE{bib:vae_paper,
       author = {{Kingma}, Diederik P and {Welling}, Max},
        title = "{Auto-Encoding Variational Bayes}",
      journal = {arXiv e-prints},
     keywords = {Statistics - Machine Learning, Computer Science - Machine Learning},
         year = "2013",
        month = "Dec",
          eid = {arXiv:1312.6114},
        pages = {arXiv:1312.6114},
archivePrefix = {arXiv},
       eprint = {1312.6114},
 primaryClass = {stat.ML},
       adsurl = {https://ui.adsabs.harvard.edu/abs/2013arXiv1312.6114K},
      adsnote = {Provided by the SAO/NASA Astrophysics Data System}
}

@article{bib:monet,
  author    = {Christopher P. Burgess and
               Lo{\"{\i}}c Matthey and
               Nicholas Watters and
               Rishabh Kabra and
               Irina Higgins and
               Matthew Botvinick and
               Alexander Lerchner},
  title     = {MONet: Unsupervised Scene Decomposition and Representation},
  journal   = {CoRR},
  volume    = {abs/1901.11390},
  year      = {2019},
  url       = {http://arxiv.org/abs/1901.11390},
  archivePrefix = {arXiv},
  eprint    = {1901.11390},
  timestamp = {Mon, 04 Feb 2019 08:11:03 +0100},
  biburl    = {https://dblp.org/rec/bib/journals/corr/abs-1901-11390},
  bibsource = {dblp computer science bibliography, https://dblp.org}
}

@article{bib:iodine,
  author    = {Klaus Greff and
               Rapha{\"{e}}l Lopez Kaufmann and
               Rishabh Kabra and
               Nick Watters and
               Christopher Burgess and
               Daniel Zoran and
               Lo{\"{\i}}c Matthey and
               Matthew Botvinick and
               Alexander Lerchner},
  title     = {Multi-Object Representation Learning with Iterative Variational Inference},
  journal   = {CoRR},
  volume    = {abs/1903.00450},
  year      = {2019},
  url       = {http://arxiv.org/abs/1903.00450},
  archivePrefix = {arXiv},
  eprint    = {1903.00450},
  timestamp = {Sat, 30 Mar 2019 19:27:21 +0100},
  biburl    = {https://dblp.org/rec/bib/journals/corr/abs-1903-00450},
  bibsource = {dblp computer science bibliography, https://dblp.org}
}

@ARTICLE{bib:betavae,
       author = {{Burgess}, Christopher P. and {Higgins}, Irina and {Pal}, Arka and
         {Matthey}, Loic and {Watters}, Nick and {Desjardins}, Guillaume and
         {Lerchner}, Alexander},
        title = "{Understanding disentangling in $\beta$-VAE}",
      journal = {arXiv e-prints},
     keywords = {Statistics - Machine Learning, Computer Science - Artificial Intelligence, Computer Science - Machine Learning},
         year = "2018",
        month = "Apr",
          eid = {arXiv:1804.03599},
        pages = {arXiv:1804.03599},
archivePrefix = {arXiv},
       eprint = {1804.03599},
 primaryClass = {stat.ML},
       adsurl = {https://ui.adsabs.harvard.edu/abs/2018arXiv180403599B},
      adsnote = {Provided by the SAO/NASA Astrophysics Data System}
}
